<collection xmlns="http://www.loc.gov/MARC21/slim">
   <record>
      <leader>04289cam a2200577 i 4500</leader>
      <controlfield tag="001">6742966</controlfield>
      <controlfield tag="003">OCoLC</controlfield>
      <controlfield tag="005">20141112114556.0</controlfield>
      <controlfield tag="008">140626t20152015nyu      b    001 0 eng  </controlfield>
      <datafield ind1=" " ind2=" " tag="010">
         <subfield code="a">  2014007959</subfield>
      </datafield>
      <datafield ind1=" " ind2=" " tag="020">
         <subfield code="a">9780415711258 (hardback)</subfield>
      </datafield>
      <datafield ind1=" " ind2=" " tag="020">
         <subfield code="a">0415711258 (hardback)</subfield>
      </datafield>
      <datafield ind1=" " ind2=" " tag="020">
         <subfield code="a">9780415711265 (pbk)</subfield>
      </datafield>
      <datafield ind1=" " ind2=" " tag="020">
         <subfield code="a">0415711266 (pbk)</subfield>
      </datafield>
      <datafield ind1=" " ind2=" " tag="020">
         <subfield code="z">9781315884660 (ebk)</subfield>
      </datafield>
      <datafield ind1="8" ind2=" " tag="024">
         <subfield code="a">40024098981</subfield>
      </datafield>
      <datafield ind1=" " ind2=" " tag="035">
         <subfield code="a">ocn872522332</subfield>
      </datafield>
      <datafield ind1=" " ind2=" " tag="040">
         <subfield code="a">DLC</subfield>
         <subfield code="b">eng</subfield>
         <subfield code="e">rda</subfield>
         <subfield code="c">DLC</subfield>
         <subfield code="d">YDX</subfield>
         <subfield code="d">YDXCP</subfield>
         <subfield code="d">BTCTA</subfield>
         <subfield code="d">BDX</subfield>
         <subfield code="d">OCLCF</subfield>
         <subfield code="d">BUF</subfield>
         <subfield code="d">YUS</subfield>
         <subfield code="d">UAB</subfield>
      </datafield>
      <datafield ind1=" " ind2=" " tag="042">
         <subfield code="a">pcc</subfield>
      </datafield>
      <datafield ind1="0" ind2="0" tag="050">
         <subfield code="a">HQ799.2.P6</subfield>
         <subfield code="b">S85 2014</subfield>
      </datafield>
      <datafield ind1="0" ind2="0" tag="082">
         <subfield code="a">305.235</subfield>
         <subfield code="2">23</subfield>
      </datafield>
      <datafield ind1=" " ind2=" " tag="084">
         <subfield code="a">EDU000000</subfield>
         <subfield code="2">bisacsh</subfield>
      </datafield>
      <datafield ind1=" " ind2=" " tag="090">
         <subfield code="a">HQ 799.2 P6 S85 2014</subfield>
         <subfield code="b">AEU</subfield>
      </datafield>
      <datafield ind1="1" ind2=" " tag="100">
         <subfield code="a">Sukarieh, Mayssoun,</subfield>
         <subfield code="e">author.</subfield>
         <subfield code="0">http://id.loc.gov/authorities/names/n2014037547</subfield>
         <subfield code="0">http://viaf.org/viaf/309820574</subfield>
      </datafield>
      <datafield ind1="1" ind2="0" tag="245">
         <subfield code="a">Youth rising? :</subfield>
         <subfield code="b">the politics of youth in the global economy /</subfield>
         <subfield code="c">Mayssoun Sukarieh and Stuart Tannock.</subfield>
      </datafield>
      <datafield ind1=" " ind2="1" tag="264">
         <subfield code="a">New York :</subfield>
         <subfield code="b">Routledge/Taylor &amp; Francis Group,</subfield>
         <subfield code="c">2015.</subfield>
      </datafield>
      <datafield ind1=" " ind2="4" tag="264">
         <subfield code="c">©2015</subfield>
      </datafield>
      <datafield ind1=" " ind2=" " tag="300">
         <subfield code="a">xi, 185 pages ;</subfield>
         <subfield code="c">23 cm.</subfield>
      </datafield>
      <datafield ind1=" " ind2=" " tag="336">
         <subfield code="a">text</subfield>
         <subfield code="b">txt</subfield>
         <subfield code="2">rdacontent</subfield>
         <subfield code="0">http://id.loc.gov/vocabulary/contentTypes/txt</subfield>
      </datafield>
      <datafield ind1=" " ind2=" " tag="337">
         <subfield code="a">unmediated</subfield>
         <subfield code="b">n</subfield>
         <subfield code="2">rdamedia</subfield>
         <subfield code="0">http://id.loc.gov/vocabulary/mediaTypes/n</subfield>
      </datafield>
      <datafield ind1=" " ind2=" " tag="338">
         <subfield code="a">volume</subfield>
         <subfield code="b">nc</subfield>
         <subfield code="2">rdacarrier</subfield>
         <subfield code="0">http://id.loc.gov/vocabulary/carriers/nc</subfield>
      </datafield>
      <datafield ind1="1" ind2=" " tag="490">
         <subfield code="a">Critical youth studies</subfield>
      </datafield>
      <datafield ind1=" " ind2=" " tag="504">
         <subfield code="a">Includes bibliographical references and index.</subfield>
      </datafield>
      <datafield ind1="0" ind2=" " tag="505">
         <subfield code="a">The Neoliberal Embrace of Youth -- Youth and Capitalism in History -- The Spectre of Youth Unemployment -- Youth as a Revolutionary Subject? -- Education, Protest &amp; the Continuing Extension of Youth.</subfield>
      </datafield>
      <datafield ind1=" " ind2=" " tag="520">
         <subfield code="a">"Youth Rising? traces and analyzes the significance of youth as a social category. Unlike other studies that consider youth through the experiences of individuals, this book examines youth as a collective and symbolic group, whose definition has expanded to encompass a greater range of ages and cultural identities. Set against the backdrop of the contemporary political economy, Youth Rising? argues that the spread of global neoloberalism is responsible for the increasing salience of youth on the global scene. The authors begin by demonstrating how youth has become embraced as a category that displaces alternative forms of identity and conveniently depoliticizes more divisive social categories. Employing both theoretical and historical analysis, they trace the development of youth within the context of capitalism, where it ultimately becomes a category for social control. However, this book also examines the overlapping phenomena of youth unemployment and student debt to show how youth issues are highly politicized, looking at specific, recent uprisings such as the Arab Spring in which youth have played a central role. Through a rigorous theoretical study that is both global and multidisciplinary in scope, Youth Rising? ultimately draws conclusions about the relationship between youth and social change"--</subfield>
         <subfield code="c">Provided by publisher.</subfield>
      </datafield>
      <datafield ind1=" " ind2=" " tag="596">
         <subfield code="a">43</subfield>
      </datafield>
      <datafield ind1=" " ind2="0" tag="650">
         <subfield code="a">Youth</subfield>
         <subfield code="x">Political activity.</subfield>
         <subfield code="0">http://id.loc.gov/authorities/subjects/sh85149336</subfield>
      </datafield>
      <datafield ind1=" " ind2="0" tag="650">
         <subfield code="a">Young adults</subfield>
         <subfield code="x">Political activity.</subfield>
         <subfield code="0">http://id.loc.gov/authorities/subjects/sh85149276</subfield>
      </datafield>
      <datafield ind1=" " ind2="0" tag="650">
         <subfield code="a">Youth movements.</subfield>
         <subfield code="0">http://id.loc.gov/authorities/subjects/sh85149384</subfield>
      </datafield>
      <datafield ind1=" " ind2="0" tag="650">
         <subfield code="a">Political participation.</subfield>
         <subfield code="0">http://id.loc.gov/authorities/subjects/sh85104370</subfield>
      </datafield>
      <datafield ind1=" " ind2="0" tag="650">
         <subfield code="a">Capitalism.</subfield>
         <subfield code="0">http://id.loc.gov/authorities/subjects/sh85019958</subfield>
      </datafield>
      <datafield ind1=" " ind2="0" tag="650">
         <subfield code="a">Social justice.</subfield>
         <subfield code="0">http://id.loc.gov/authorities/subjects/sh85123969</subfield>
      </datafield>
      <datafield ind1=" " ind2="0" tag="650">
         <subfield code="a">Youth</subfield>
         <subfield code="x">Employment.</subfield>
         <subfield code="0">http://id.loc.gov/authorities/subjects/sh85149324</subfield>
      </datafield>
      <datafield ind1=" " ind2="0" tag="650">
         <subfield code="a">Young adults</subfield>
         <subfield code="x">Employment.</subfield>
      </datafield>
      <datafield ind1=" " ind2="0" tag="650">
         <subfield code="a">Student loans.</subfield>
         <subfield code="0">http://id.loc.gov/authorities/subjects/sh85129274</subfield>
      </datafield>
      <datafield ind1="1" ind2=" " tag="700">
         <subfield code="a">Tannock, Stuart,</subfield>
         <subfield code="d">1969-</subfield>
         <subfield code="e">author.</subfield>
         <subfield code="0">http://id.loc.gov/authorities/names/n00098974</subfield>
         <subfield code="0">http://viaf.org/viaf/45538678</subfield>
      </datafield>
      <datafield ind1=" " ind2=" " tag="758">
         <subfield code="0">http://worldcat.org/entity/work/id/24417961</subfield>
      </datafield>
      <datafield ind1="0" ind2=" " tag="787">
         <subfield code="n">OCLC Work Id</subfield>
         <subfield code="o">http://worldcat.org/entity/work/id/24417961</subfield>
      </datafield>
      <datafield ind1=" " ind2="0" tag="830">
         <subfield code="a">Critical youth studies.</subfield>
         <subfield code="0">http://id.loc.gov/authorities/names/n2005070857</subfield>
      </datafield>
      <datafield ind1=" " ind2=" " tag="949">
         <subfield code="a">HQ 799.2 P6 S85 2014</subfield>
         <subfield code="c">1</subfield>
         <subfield code="h">UAHS-B</subfield>
         <subfield code="i">0162035190360</subfield>
      </datafield>
      <datafield ind1=" " ind2=" " tag="926">
         <subfield code="a">HQ 799.2 P6 S85 2014</subfield>
         <subfield code="w">LC</subfield>
         <subfield code="c">1</subfield>
         <subfield code="i">0162035190360</subfield>
         <subfield code="d">1/31/2017</subfield>
         <subfield code="e">1/31/2017</subfield>
         <subfield code="k">CHECKEDOUT</subfield>
         <subfield code="l">ON_SHELF</subfield>
         <subfield code="m">UAHSS</subfield>
         <subfield code="n">5</subfield>
         <subfield code="p">$150.00</subfield>
         <subfield code="r">M</subfield>
         <subfield code="s">Y</subfield>
         <subfield code="t">BOOK</subfield>
         <subfield code="u">11/26/2014</subfield>
      </datafield>
   </record>
</collection>
